@book{WeeklyShonenJump,
  title     = "Weekly Shonen Jump",
  publisher = "Shueisha",
  address   = "Tokyo",
  year      = 1968
}

@book{DeathNote,
  author    = "Tsugumi Ōba",
  title     = "Death Note",
  publisher = "Shūeisha",
  address   = "Tokyo",
  year      = 2004
}
       
@article{LeMonde,
  author  = "Ophélie Surcouf",
  title   = "« Death Note », la mort lui va si bien",
  journal = "Le Monde",
  year    =  2017,
}
    
@misc{DeathNoteFandom,
  title        = "Weekly Shonen Jump",
  author       = "{KylaraE}",
  howpublished = "\url{https://deathnote.fandom.com/wiki/Weekly_Shonen_Jump?file=ShonenJumpCoverDeathNote.jpg}",
  year         = 2017‎,
  note         = "{Mise a jour le : 24 Avril 2022} "
}

@misc{Fnac,
  title        = "Fnac",
  howpublished = "\url{https://www.fnac.com/a1911412/Death-Note-Tome-1-Tome-1-Death-Note-Tsugumi-Ohba}"
}

@misc{imgbin,
  title        = "Imgbin",
  howpublished = "\url{https://imgbin.com/free-png/ryuk}"
}

@misc{WikiDeathNote,
	title = "WikiDeathNote",
	howpublished = "\url{https://deathnote.fandom.com/fr/wiki/Guide_d%27utilisation_du_Death_Note}"
}

@misc{Wikipedia,
	title = "Wikipedia",
	howpublished = "\url{https://fr.wikipedia.org/wiki/Death_Note}"
	}
	
@misc{Wisecrack,
	title = "The Philosophy of Death Note – What Is Justice? – Wisecrack Edition
",
	authors = "Wisecrack",
	howpublished = "\url{https://www.youtube.com/watch?v=9Y5QZ77-WYw&ab_channel=Wisecrack}"
	}
	
@misc{GoodGame,
author = "ReO",
title = "Death Note, mais qu’est-ce que la justice",
year = "2018",
publisher = "GoodGame",
howpublished = "\url{https://goodgame.canalplus.com/articles/actualites/death-note-mais-qu-est-ce-que-la-justice}"
}

@misc{seekpng,
	title = "Seekpng",
	howpublished = "\url{https://www.seekpng.com/ipng/u2w7o0r5r5a9w7i1_rem-otro-shinigami-dueo-de-un-cuaderno-death/}"
	}
	
	
	
@misc{inaholetherelivedme,
	title = "Inaholetherelivedme",
	howpublished = "\url{https://inaholetherelivedme.wordpress.com/2017/07/22/death-note-let-the-carnage-begin/}"
	}	


	
	